<?xml version="1.0" encoding="UTF-8"?><collection xmlns="http://www.loc.gov/MARC21/slim"><record><leader>00326nam--2200121-i-4500</leader><controlfield tag="001">000005260</controlfield><controlfield tag="002">20161230</controlfield><controlfield tag="005">20161230201026</controlfield><controlfield tag="008">060222s1000------------r-----000-0-eng-d</controlfield><datafield ind1=" " ind2=" " tag="100"><subfield code="a">Brown, R.G</subfield></datafield><datafield ind1=" " ind2=" " tag="245"><subfield code="a">Statistical forecasting for inventory control</subfield></datafield><datafield ind1=" " ind2=" " tag="260"><subfield code="a">New York, Mcgraw-hill Book Co., Inc., 1959</subfield></datafield><datafield ind1=" " ind2=" " tag="490"><subfield code="a">Xvii + 232 P</subfield></datafield></record></collection>